@book{bertsimas2005optimization,
  title={Optimization Over Integers},
  author={Bertsimas, D. and Weismantel, R.},
  isbn={9780975914625},
  year={2005},
  publisher={Dynamic Ideas}
}
@book{Puterman1994,
 author = {Puterman, Martin L.},
 title = {Markov Decision Processes: Discrete Stochastic Dynamic Programming},
 year = {1994},
 isbn = {0471619779},
 edition = {1st},
 publisher = {John Wiley \& Sons, Inc.},
 address = {New York, NY, USA}
} 

@inproceedings{Regan2009,
  author    = {Kevin Regan and
               Craig Boutilier},
  title     = {Regret-based Reward Elicitation for Markov Decision Processes},
  booktitle = {{UAI}},
  pages     = {444--451},
  publisher = {{AUAI} Press},
  year      = {2009}
}

@inproceedings{benavent2018,
  TITLE = {{An Experimental Study of Advice in Sequential Decision-Making under Uncertainty}},
  AUTHOR = {Florian Benavent and Bruno Zanuttini},
  BOOKTITLE = {{32nd AAAI Conference on Artificial Intelligence}},
  YEAR = {2018}
}

@inproceedings{alizadeh2015,
  author    = {Pegah Alizadeh and
               Yann Chevaleyre and
               Jean{-}Daniel Zucker},
  title     = {Approximate regret based elicitation in Markov decision process},
  booktitle = {{RIVF}},
  pages     = {47--52},
  publisher = {{IEEE}},
  year      = {2015}
}

@inproceedings{Weng2013,
  author    = {Paul Weng and
               Bruno Zanuttini},
  title     = {Interactive Value Iteration for Markov Decision Processes with Unknown
               Rewards},
  booktitle = {{IJCAI}},
  pages     = {2415--2421},
  publisher = {{IJCAI/AAAI}},
  year      = {2013}
}

@article{Ahmed2017,
  author    = {Asrar Ahmed and
               Pradeep Varakantham and
               Meghna Lowalekar and
               Yossiri Adulyasak and
               Patrick Jaillet},
  title     = {Sampling Based Approaches for Minimizing Regret in Uncertain Markov
               Decision Processes (MDPs)},
  journal   = {J. Artif. Intell. Res.},
  volume    = {59},
  pages     = {229--264},
  year      = {2017}
}


@inproceedings{Xu2009,
  author    = {Huan Xu and
               Shie Mannor},
  title     = {Parametric regret in uncertain Markov decision processes},
  booktitle = {{CDC}},
  pages     = {3606--3613},
  publisher = {{IEEE}},
  year      = {2009}
}


@article{Benders1962,
 author = {Benders, J. F.},
 title = {Partitioning Procedures for Solving Mixed-variables Programming Problems},
 journal = {Numer. Math.},
 issue_date = {December  1962},
 volume = {4},
 number = {1},
 year = {1962},
 pages = {238--252},
 publisher = {Springer-Verlag New York, Inc.}
} 

@inproceedings{daSilva2011,
 author = {da Silva, Valdinei Freire and Costa, Anna Helena Reali},
 title = {A Geometric Approach to Find Nondominated Policies to Imprecise Reward MDPs},
 booktitle = {Proceedings of the 2011 European Conference on Machine Learning and Knowledge Discovery in Databases - Volume Part I},
 series = {ECML PKDD'11},
 year = {2011},
 pages = {439--454},
 publisher = {Springer-Verlag},
 address = {Berlin, Heidelberg}
} 

@book{Sutton1998,
 author = {Sutton, Richard S. and Barto, Andrew G.},
 title = {Introduction to Reinforcement Learning},
 year = {1998},
 isbn = {0262193981},
 edition = {1st},
 publisher = {MIT Press},
 address = {Cambridge, MA, USA}
} 

@phdthesis{Alizadeh2016,
  author    = {Pegah Alizadeh},
  title     = {Elicitation and planning in Markov decision processes with unknown
               rewards. (Elicitation et planification dans les processus d{\'{e}}cisionnel
               de {MARKOV} avec r{\'{e}}compenses inconnues)},
  school    = {Universit{\'{e}} Sorbonne Paris Cit{\'{e}}, France},
  year      = {2016}
}

@article{Iyengar2005,
author = {Garud N. Iyengar},
title = {Robust Dynamic Programming},
journal = {Mathematics of Operations Research},
volume = {30},
number = {2},
pages = {257-280},
year = {2005}    
}

@article{Nilim2003,
author = {A. Nilim and L. El Ghaoui},
title = {Robustness in Markov decision problems with uncertain transition matrices},
journal = {NIPS},
year = {2003}    
}


